<?xml version="1.0" encoding="UTF-8"?>
<collection xmlns:xsi="http://www.w3.org/2001/XMLSchema-instance" xsi:schemaLocation="http://www.loc.gov/MARC21/slim http://www.loc.gov/standards/marcxml/schema/MARC21slim.xsd" xmlns="http://www.loc.gov/MARC21/slim">
<record>
  <leader>00750cam a2200217I  4500</leader>
  <controlfield tag="001">5967904</controlfield>
  <controlfield tag="003">NNC</controlfield>
  <controlfield tag="005">20090423170523.0</controlfield>
  <controlfield tag="008">900511s1961    sy            000 0 ara c</controlfield>
  <datafield tag="010" ind1=" " ind2=" ">
    <subfield code="a">ne 62000887 </subfield>
  </datafield>
  <datafield tag="035" ind1=" " ind2=" ">
    <subfield code="a">(OCoLC)ocm21514369</subfield>
  </datafield>
  <datafield tag="035" ind1=" " ind2=" ">
    <subfield code="a">(NNC)5967904</subfield>
  </datafield>
  <datafield tag="040" ind1=" " ind2=" ">
    <subfield code="a">Princeton Univ. Libr.</subfield>
    <subfield code="c">WAU</subfield>
    <subfield code="d">WAU</subfield>
    <subfield code="d">ZCU</subfield>
  </datafield>
  <datafield tag="090" ind1=" " ind2=" ">
    <subfield code="a">PJ7876.U7</subfield>
    <subfield code="b">H3</subfield>
  </datafield>
  <datafield tag="100" ind1="1" ind2=" ">
    <subfield code="a">Zarzūr, Fāris.</subfield>
  </datafield>
  <datafield tag="245" ind1="1" ind2="0">
    <subfield code="a">Ḥattá al-qaṭrah al-akhīrah,</subfield>
    <subfield code="c">taʾlīf Fāris Zurzūr.</subfield>
  </datafield>
  <datafield tag="260" ind1=" " ind2=" ">
    <subfield code="a">Dimashq,</subfield>
    <subfield code="b">Wizārat al-Thaqāfah wa-al-Irshād al-Qawmī fī al-Iqlīm al-Sūrī, Mudīrīyat al-Taʾlīf wa-al-Tarjamah</subfield>
    <subfield code="c">[1961]</subfield>
  </datafield>
  <datafield tag="300" ind1=" " ind2=" ">
    <subfield code="a">112 p.</subfield>
    <subfield code="c">20 cm.</subfield>
  </datafield>
  <datafield tag="490" ind1="1" ind2=" ">
    <subfield code="a">Silsilah al-qiṣaṣīyah ;</subfield>
    <subfield code="v">2</subfield>
  </datafield>
  <datafield tag="830" ind1=" " ind2="0">
    <subfield code="a">Silsilah al-qiṣaṣīyah ;</subfield>
    <subfield code="v">2.</subfield>
  </datafield>
  <datafield tag="955" ind1=" " ind2=" ">
    <subfield code="b">0026813416</subfield>
    <subfield code="d">glx</subfield>
    <subfield code="e">956.9 Sy27 v.2</subfield>
  </datafield>
</record>
</collection>